<record><leader>01741cam a2200457oi 4500</leader><controlfield tag="001">6709445</controlfield><controlfield tag="003">CaONFJC</controlfield><controlfield tag="005">20141002105912.0</controlfield><controlfield tag="006">m        d        </controlfield><controlfield tag="007">cr |n|||||||||</controlfield><controlfield tag="008">140314s2015    enk     ob    001 0 eng d</controlfield><datafield ind1=" " ind2=" " tag="020"><subfield code="a">9781138787421 (hardback)</subfield></datafield><datafield ind1=" " ind2=" " tag="020"><subfield code="a">1138787426 (hardback)</subfield></datafield><datafield ind1=" " ind2=" " tag="020"><subfield code="a">9781315766515 (ebook)</subfield></datafield><datafield ind1=" " ind2=" " tag="020"><subfield code="a">9781306971775 (MyiLibrary)</subfield></datafield><datafield ind1=" " ind2=" " tag="037"><subfield code="a">628428</subfield><subfield code="b">MIL</subfield></datafield><datafield ind1=" " ind2=" " tag="039"><subfield code="a">exclude</subfield></datafield><datafield ind1=" " ind2=" " tag="040"><subfield code="a">CaONFJC</subfield><subfield code="c">CaONFJC</subfield><subfield code="e">rda</subfield><subfield code="d">AEU</subfield></datafield><datafield ind1="0" ind2="4" tag="050"><subfield code="a">HF5549.5.M63</subfield><subfield code="b">U97 2015eb</subfield></datafield><datafield ind1="0" ind2="4" tag="082"><subfield code="a">158.7</subfield><subfield code="2">23</subfield></datafield><datafield ind1=" " ind2=" " tag="090"><subfield code="a">Internet Access</subfield><subfield code="b">AEGMCT</subfield></datafield><datafield ind1="1" ind2=" " tag="100"><subfield code="a">Uusiautti, Satu,</subfield><subfield code="e">author.</subfield></datafield><datafield ind1="1" ind2="4" tag="245"><subfield code="a">The psychology of becoming a successful worker :</subfield><subfield code="b">research on the changing nature of achievement at work /</subfield><subfield code="c">Satu Uusiautti and Kaarina M&#191;a&#191;att&#191;a.</subfield></datafield><datafield ind1=" " ind2="1" tag="264"><subfield code="a">Hove, East Sussex ;</subfield><subfield code="a">New York, NY :</subfield><subfield code="b">Routledge,</subfield><subfield code="c">2015.</subfield></datafield><datafield ind1=" " ind2=" " tag="300"><subfield code="a">1 online resource (ix, 146 pages)</subfield></datafield><datafield ind1=" " ind2=" " tag="336"><subfield code="a">text</subfield><subfield code="b">txt</subfield><subfield code="2">rdacontent</subfield></datafield><datafield ind1=" " ind2=" " tag="337"><subfield code="a">computer</subfield><subfield code="b">c</subfield><subfield code="2">rdamedia</subfield></datafield><datafield ind1=" " ind2=" " tag="338"><subfield code="a">online resource</subfield><subfield code="b">cr</subfield><subfield code="2">rdacarrier</subfield></datafield><datafield ind1=" " ind2=" " tag="504"><subfield code="a">Includes bibliographical references and index.</subfield></datafield><datafield ind1=" " ind2=" " tag="506"><subfield code="a">Access restricted to authorized users and institutions.</subfield></datafield><datafield ind1=" " ind2=" " tag="588"><subfield code="a">Description based on print version record.</subfield></datafield><datafield ind1=" " ind2=" " tag="596"><subfield code="a">57</subfield></datafield><datafield ind1=" " ind2="0" tag="650"><subfield code="a">Employee motivation.</subfield></datafield><datafield ind1=" " ind2="0" tag="650"><subfield code="a">Success.</subfield></datafield><datafield ind1=" " ind2="0" tag="650"><subfield code="a">Job satisfaction.</subfield></datafield><datafield ind1=" " ind2="0" tag="650"><subfield code="a">Employees</subfield><subfield code="x">Psychology.</subfield></datafield><datafield ind1=" " ind2="0" tag="650"><subfield code="a">Psychology, Industrial.</subfield></datafield><datafield ind1="1" ind2=" " tag="700"><subfield code="a">M&#228;&#228;tt&#228;, Kaarina,</subfield><subfield code="e">author.</subfield></datafield><datafield ind1="4" ind2="0" tag="856"><subfield code="3">MacEwan University Access</subfield><subfield code="u">http://lib.myilibrary.com/detail.asp?ID=628428</subfield><subfield code="z">(Single User Access)</subfield></datafield><datafield ind1=" " ind2=" " tag="949"><subfield code="w">ORDER</subfield><subfield code="h">UAIN</subfield><subfield code="m">GR_MAC_INT</subfield><subfield code="z">MILGMPSA</subfield></datafield><datafield ind1=" " ind2=" " tag="926"><subfield code="a">Internet Access</subfield><subfield code="w">ORDER</subfield><subfield code="c">1</subfield><subfield code="i">6709445-1001</subfield><subfield code="l">INTERNET</subfield><subfield code="m">GR_MAC_INT</subfield><subfield code="r">Y</subfield><subfield code="s">Y</subfield><subfield code="t">E-RESOURCE</subfield><subfield code="u">10/16/2014</subfield><subfield code="x">E-BOOK</subfield><subfield code="z">MILGMPSA</subfield></datafield></record>